@misc{DearImGui,
  author = {Omar Cornut},
  title = {Dear ImGui},
  year = 2020,
  howpublished = {https://github.com/ocornut/imgui},
  note = {Software. Accessed 2020-12-10} 
}

@misc{ImPlot,
  author = {Evan Pezent},
  title = {ImPlot},
  year = 2020,
  howpublished = {https://github.com/epezent/implot},
  note = {Software. Accessed 2020-12-10} 
}


@misc{imgui-filebrowser,
  author = {Z Guan},
  title = {Dear ImGui},
  year = 2020,
  howpublished = {https://github.com/AirGuanZ/imgui-filebrowser},
  note = {Software. Accessed 2020-12-10} 
}
